@techreport{report,
AUTHOR = {Arun Kalyanasundaram and Bodhisatta Barman Roy and  Pradeep Kumar and Shivam Kakkar and  Valmiki Jansi},
TITLE = {Security {E}nhanced {L}inux on {CBE}},
  NUMBER =        {IIITB-OS-2010-09C},
institution = {International Institute of Information Technology},
ADDRESS = {Bangalore, India},
MONTH = {June},
YEAR = {2010},
PAGES = {19},
url = {http://www.iiitb.ac.in/uploads/pdf_docs/os2010_9c.pdf},
 CONTACT =       {arun.k@iiitb.net}

}

@techreport{s1,
AUTHOR = {S Smalley, C Vance, and W Salamon},
TITLE = {Implementing {SELinux} as a {Linux} security module},
  NUMBER =        {01-043},
institution = {NAI Labs},
YEAR = {2001},
url = {http://ivanlef0u.nibbles.fr/repo/madchat/sysadm/linux/se_module.pdf}
}

@techreport{tresys,
AUTHOR = {Joshua Brindle, Karen Vance, Chad Sellers},
TITLE = {Enforcing Flexible Access Control in a Networked Policy Domain},
institution = {Tresys Technology},

MONTH = {March},
YEAR = {2007},
url = {http://www.tresys.com/pdf/Enforcing-Flexible-Access-Control.pdf}

}


@inproceedings{shamon,
 author = {McCune, Jonathan M. and Jaeger, Trent and Berger, Stefan and Caceres, Ramon and Sailer, Reiner},
 title = {Shamon: A System for Distributed Mandatory Access Control},
 booktitle = {Proceedings of the 22nd Annual Computer Security Applications Conference},
 series = {ACSAC '06},
 year = {2006},
 isbn = {0-7695-2716-7},
 pages = {23--32},
 numpages = {10},
 doi = {10.1109/ACSAC.2006.47},
 acmid = {1191861},
 publisher = {IEEE Computer Society},
 address = {Washington, DC, USA},
} 

@inproceedings{s2,
 author = {Amon Ott},
 title = {{The Rule Set Based Access Control (RSBAC) Linux Kernel
                  Security Extension}},
 booktitle = {Proceedings of the 8th International Linux Kongress},
month = {November},
 year = {2001}
} 

@electronic{selinuxFAQ,
author = {Kerry Thompson},
title = {{The UnOfficial SELinux FAQ}},
year = {2006},
month = {October},
URL = {http://www.crypt.gen.nz/selinux/faq.html}

}

@inproceedings {flask,
author = {R. Spencer and S. Smalley and P. Losocco and M. Hilber and
                  D. Andersen and J. Lepreau},
title = {The {Flask} Security Architecture: System support for diverse security policies},
booktitle = {Proceedings of The Eighth 	USENIX Security Symposium},
month = {August},
year = {1999},
pages = {123--129}
}

@book{selinuxBook,
  author    = {Frank Mayer and Karl Macmillan and David Caplan},
  title     = {{SELinux by example : Using Security Enhanced Linux}},
  isbn      = {0-13-196369-4},
  address   = {Upper Saddle River, NJ, USA},
  publisher = {Prentice-Hall Inc},
  year      = {2006},
%  url       = {http://www.loc.gov/catdir/toc/ecip0612/2006012657.html},
  bibdate   = {20081215124027},
  isbn      = {0131963694}
}

@book{selinuxBook1,
 author = {Mayer, Frank and MacMillan, Karl and Caplan, David},
 title = {SELinux by Example: Using Security Enhanced Linux},
 year = {2006},
 isbn = {0131963694},
 publisher = {Prentice Hall PTR},
 address = {Upper Saddle River, NJ, USA},
} 
@inproceedings{selinuxTools,
 author = {Zhai, Gaoshou and Ma, Wenlin and Tian, Minli and Yang, Na
                  and Liu, Chengyu and Yang, Hengsheng},
 title = {Design and implementation of a tool for analyzing {SELinux}
                  secure policy},
 booktitle = {Proceedings of the 2nd International Conference on
                  Interaction Sciences: Information Technology,
                  Culture and Human},
 series = {ICIS '09},
 year = {2009},
 isbn = {978-1-60558-710-3},
 location = {Seoul, Korea},
 pages = {446--451},
 numpages = {6},
% url = {http://doi.acm.org/10.1145/1655925.1656007},
 doi = {10.1145/1655925.1656007},
 acmid = {1656007},
 publisher = {ACM},
 address = {New York, NY, USA},
 keywords = {SELinux, integrity verification, security policy configuration, security policy description language}
} 

@electronic{CBEArch,
author = {Thomas Chen and Ram Raghavan and Jason Dale and Eiji Iwata},
title = {{Cell Broadband Engine Architecture and its first implementation}},
year = {2005},
month = {November},
URL = {http://www.ibm.com/developerworks/power/library/pa-cellperf/}
}

@INPROCEEDINGS{ ll1,
AUTHOR = {HongSoog Kim and Youngha Yoon and DongSoo Han},
TITLE = {Design and Implementation of Parallelized Linked List Class Library Using Pthread Library},
series = {PDPTA '2000},
BOOKTITLE = {Proceedings of the 2000 International Conference on Parallel and Distributed Processing Techniques and Applications },
YEAR = {2000}
}